@Book{SoftwareFoundation,
author = {Pierce,Benjamin C. and de Amorim, Arthur Azevedo and Casinghino, Chris and Gaboardi, Marco and Greenberg, Michael and Hritcu, Catalin and Sj√∂berg, Vilhelm and Yorgey, Brent},
title = {Software Foundations},
publisher = {Electronic textbook},
year = {2017},
note = {Ebook version 4.2},
url = {http://www.cis.upenn.edu/~bcpierce/sf}}

@InBook{ModernOS,
author = {Tanenbaum, Andrew},
title = {Modern Operating Systems},
publisher = {Pearson},
year = {2009},
edition = {3\rd},
chapter = {History of Operation Systems},
pages = {60-69},
isbn = {013359162X}}

@article{MMUIsolation,
author = {Jomaa, Narjes and Nowak, David and Grimaud, Gilles and Hym, Samuel},
title = {Formal Proof of Dynamic Memory Isolation Based on {MMU}},
journal = {Science of Computer Programming},
year = {2017},
issn = {01676423}}

@online{PIPWeb,
  title = {The PIP protokernel official Website},
  author = {{The 2XS team}},
  note = {CRIStAL laboratry},
  url = {http://pip.univ-lille1.fr}}
  
@online{PIPWebSlides,
  title = {Pip: A Minimal OS Kernel with Provable Isolation},
  author = {David Nowak},
  note = {Third French-Japanese Meeting on Cybersecurity},
  year = {2017},
  month = {April},
  url = {https://project.inria.fr/FranceJapanICST/files/2017/05/DNowak_presentation_2017.pdf}}

@manual{Coq,
  title = {The Coq Proof Assistant. Reference Manual},
  author = {{The Coq Development Team}},
  publisher = {INRIA},
  year = {2017},
  month = {July},
  note = {Coq version 8.6.1},
  url = {https://coq.inria.fr/distrib/current/files/Reference-Manual.pdf}}

@InBook{DeepVsShallow,
title = {Trends in Functional Programming},
chapter = {Combining Deep and Shallow Embedding for EDSL},
author = {Josef Svenningsson and Emil Axelsson},
publisher = {Springer},
address = {Berlin, Heidelberg},
year = {2013},
volume = {7829},
series = {Lecture Notes in Computer Science}}

@inproceedings{Yves,
author = {Yves Bertot},
title = { Language Engineering and Rigorous Software Development},
chapter = {Structural abstract interpretation, A formal study using Coq },
year = {2008},
editor = {Ana Bove and
Jorge Sousa Pinto},
publisher = {Springer},
booktitle = {ERNET Summer School, eb 2008,  Piriapolis, Uruguay},
series = {Lecture Notes in Computer Science},
volume = {5520},
address = {Berlin, Heidelberg}
}

@inproceedings{Wildmoser2004CertifyingMC,
  title={Certifying Machine Code Safety: Shallow Versus Deep Embedding},
  author={Martin Wildmoser and Tobias Nipkow},
  booktitle={TPHOLs},
  year={2004}
}

